@article{Wiener1946,
author = "Wiener, F.M. and Ross, D.A.",
title = "The pressure distribution in the auditory canal in a progressive sound field",
journal = "The Journal of the Acoustical Society of America",
year = "1946",
pages = "401",
url = "http://link.aip.org/link/?JASMAN/18/401/1",
volume = "18"
}
